<record><leader>00000cas a22000007a 4500</leader><controlfield tag="001">21188474</controlfield><controlfield tag="008">900308d19341953gauwr ne      0    0eng d</controlfield><datafield ind1=" " ind2=" " tag="010"><subfield code="a">sn 89053856 </subfield></datafield><datafield ind1=" " ind2=" " tag="040"><subfield code="a">NLG</subfield><subfield code="b">eng</subfield><subfield code="c">NLG</subfield><subfield code="d">OCLCQ</subfield></datafield><datafield ind1=" " ind2=" " tag="042"><subfield code="a">msc</subfield></datafield><datafield ind1="0" ind2=" " tag="130"><subfield code="a">Hahira gold leaf (Hahira, Ga. : 1934)</subfield></datafield><datafield ind1="1" ind2="4" tag="245"><subfield code="a">The Hahira gold leaf.</subfield></datafield><datafield ind1=" " ind2=" " tag="260"><subfield code="a">Hahira, Ga. :</subfield><subfield code="b">H.F. Parrish &amp; W.T. Langston</subfield></datafield><datafield ind1=" " ind2=" " tag="300"><subfield code="a">v.</subfield></datafield><datafield ind1=" " ind2=" " tag="310"><subfield code="a">Weekly</subfield></datafield><datafield ind1="0" ind2=" " tag="362"><subfield code="a">Vol. 1, no. 1 (Apr. 6, 1934)-</subfield></datafield><datafield ind1="1" ind2=" " tag="362"><subfield code="a">Ceased in July 1953.</subfield></datafield><datafield ind1=" " ind2=" " tag="752"><subfield code="a">United States</subfield><subfield code="b">Georgia</subfield><subfield code="c">Lowndes</subfield><subfield code="d">Hahira.</subfield></datafield><datafield ind1="0" ind2="0" tag="780"><subfield code="t">Hahira weekly</subfield><subfield code="w">(DLC)sn 89053855</subfield></datafield></record>